<?xml version="1.0" encoding="UTF-8"?><record xmlns="http://www.loc.gov/MARC21/slim" xmlns:cinclude="http://apache.org/cocoon/include/1.0" xmlns:zs="http://www.loc.gov/zing/srw/">
  <leader>00790nz  a2200205n  4500</leader>
  <controlfield tag="001">nr 93043458 </controlfield>
  <controlfield tag="003">DLC</controlfield>
  <controlfield tag="005">19931023063112.4</controlfield>
  <controlfield tag="008">931020n| acannaab|          |a aaa     c</controlfield>
  <datafield tag="010" ind1=" " ind2=" ">
    <subfield code="a">nr 93043458 </subfield>
  </datafield>
  <datafield tag="035" ind1=" " ind2=" ">
    <subfield code="a">(Uk)tb039073</subfield>
  </datafield>
  <datafield tag="040" ind1=" " ind2=" ">
    <subfield code="a">Uk/ESTC-NA</subfield>
    <subfield code="c">ESTC-NA</subfield>
  </datafield>
  <datafield tag="100" ind1="1" ind2="0">
    <subfield code="a">Williams, Zachariah,</subfield>
    <subfield code="d">1673?-1755</subfield>
  </datafield>
  <datafield tag="400" ind1="1" ind2="0">
    <subfield code="a">Williams, Z.</subfield>
    <subfield code="q">(Zachariah),</subfield>
    <subfield code="d">1673?-1755</subfield>
  </datafield>
  <datafield tag="400" ind1="0" ind2="0">
    <subfield code="a">Z. W.</subfield>
    <subfield code="q">(Zachariah Williams),</subfield>
    <subfield code="d">1673?-1755</subfield>
  </datafield>
  <datafield tag="400" ind1="1" ind2="0">
    <subfield code="a">W., Z.</subfield>
    <subfield code="q">(Zachariah Williams),</subfield>
    <subfield code="d">1673?-1755</subfield>
  </datafield>
  <datafield tag="667" ind1=" " ind2=" ">
    <subfield code="a">Data provided by the ESTC/BL</subfield>
  </datafield>
  <datafield tag="670" ind1=" " ind2=" ">
    <subfield code="a">His The mariners compass compleated: part the second. Or the expert seaman's best guide, 1745:</subfield>
    <subfield code="b">t.p. (Z. Williams)</subfield>
  </datafield>
  <datafield tag="670" ind1=" " ind2=" ">
    <subfield code="a">DNB</subfield>
    <subfield code="b">(Williams, Zachariah, 1673?-1755; medical practicioner and inventor)</subfield>
  </datafield>
  <datafield tag="670" ind1=" " ind2=" ">
    <subfield code="a">NUC pre-56</subfield>
    <subfield code="b">(Williams, Zachariah, 1673?-1755)</subfield>
  </datafield>
</record>